@COMMENT{So koennte man eine Literatur-Datenbank organisieren. Die unteren beiden Eintraege stammen aus}
@COMMENT{dem ADS. Die Journal-Namen werden mithilfe von aas_macros.sty expandiert.}


@COMMENT{=== Books =====================================================================================}

@BOOK{cox,
   author = {{Cox}, J.~P.},
    title = "{Theory of Stellar Pulsation}",
     year = 1980,
publisher = {Princeton University Press}
}


@BOOK{meffert,
   author = {{Meffert}, B. and {Hochmuth}, O.},
    title = "{Werkzeuge der Signalverarbeitung}",
     year = 2004,
publisher = {Pearson Studium},
     isbn = {978-3-8273-7065-5}
}




@COMMENT{=== sdB Star Literature =======================================================================}

@ARTICLE{2009ARA&A..47..211H,
   author = {{Heber}, U.},
    title = "{Hot Subdwarf Stars}",
  journal = {\araa},
     year = 2009,
    month = sep,
   volume = 47,
    pages = {211-251},
      doi = {10.1146/annurev-astro-082708-101836},
   adsurl = {http://adsabs.harvard.edu/abs/2009ARA%26A..47..211H},
  adsnote = {Provided by the SAO/NASA Astrophysics Data System}
}

@ARTICLE{1996ApJ...471L.103C,
   author = {{Charpinet}, S. and {Fontaine}, G. and {Brassard}, P. and {Dorman}, B.
	},
    title = "{The Potential of Asteroseismology for Hot, Subdwarf B Stars: A New Class of Pulsating Stars?}",
  journal = {\apjl},
   eprint = {arXiv:astro-ph/9606069},
 keywords = {STARS: INTERIORS, STARS: OSCILLATIONS, STARS: SUBDWARFS},
     year = 1996,
    month = nov,
   volume = 471,
    pages = {L103+},
      doi = {10.1086/310335},
   adsurl = {http://adsabs.harvard.edu/abs/1996ApJ...471L.103C},
  adsnote = {Provided by the SAO/NASA Astrophysics Data System}
}

